2900 4422
499 359 689 409 oneramus
722 359 758 421 x,
782 357 824 406 xi
1169 339 1232 408 237

83 528 250 608 duxerat3
275 536 311 596 et
326 529 509 616 cupiditate
527 535 621 614 regni
638 527 803 593 adductus
820 531 917 592 novis
941 525 1041 592 rebus
1065 525 1231 603 studebat,

82 650 118 703 et
150 660 255 725 quam
280 639 438 723 plurimas
463 637 616 701 civitates
640 643 701 699 suo
725 634 885 700 beneficio
911 633 1032 700 habere
1057 633 1232 698 obstrictas

82 748 230 813 volebat.
279 747 399 832 Itaque
416 767 487 810 rem
507 745 650 829 suscipit
665 749 735 808 eta·
752 742 916 828 Sequanis
931 743 1090 826 impetrat
1113 748 1152 805 ut
1176 757 1281 826 per10
1308 742 1310 748 ’

82 858 173 922 fines
189 864 268 923 suos
286 855 462 921 Helvetios
487 859 536 920 ire
557 853 738 938 patiantur,
757 849 955 936 obsidesque
982 856 1033 913 uti
1058 850 1146 913 inter
1161 857 1231 914 sese

81 967 169 1032 dent
200 965 346 1052 perficit:
387 963 544 1050 Sequani,
579 970 620 1026 ne
654 961 772 1024 itinere
808 958 982 1023 Helvetibs
1014 957 1232 1042 prohibeant;

84 1076 249 1154 Helvetii,
267 1082 307 1140 ut
321 1076 392 1140 sine
409 1072 573 1138 maleficii)
590 1079 626 1136 et
639 1071 761 1134 iniuria
778 1074 957 1133 transeant.

135 1187 197 1252 10.
232 1183 364 1250 Caesari
379 1184 591 1248 rensintiatur
606 1180 773 1245 HelvetiIs
790 1199 861 1243 esse
878 1178 914 1241 in
926 1179 1036 1242 animb
1046 1201 1105 1262 per
1116 1200 1232 1264 agrurn

82 1293 318 1380 Sequanorum
333 1301 369 1359 et
385 1291 582 1357 Aeduorum
597 1289 663 1354 iter
678 1290 714 1351 in
730 1287 916 1351 Santonum
932 1285 1020 1350 fines
1036 1286 1155 1362 facere,
1173 1293 1232 1370 qui

81 1410 154 1467 non
184 1403 282 1488 longe
314 1408 333 1465 a
364 1402 572 1466 Tolosatium
604 1399 732 1464 finibus
765 1400 896 1474 absunt
922 1418 1006 1482 quac
1048 1447 1220 1499 emm

83 1511 206 1575 civitas
222 1511 325 1575 estin
341 1511 519 1596 prbvincia.
569 1508 610 1573 Id
627 1513 656 1573 si
670 1509 774 1586 fieret
792 1505 1009 1592 intellegebat
1045 1499 1228 1600 ἵξοζξὸζῗξξζὶ,

1042 1605 1152 1652 ΜΨ·
1247 1620 1264 1670 5

83 1626 206 1705 magna
223 1640 300 1684 cum
314 1619 462 1704 periculo
478 1619 667 1708 provinciae
681 1617 835 1682 futurum
854 1623 892 1680 ut
906 1614 1010 1679 homi-

82 1736 145 1792 nes
162 1727 345 1805 bellicosos,
364 1728 479 1812 populi
491 1728 633 1792 Rcmani
648 1727 808 1803 inimicos,
821 1726 903 1789 locis
921 1723 1114 1809 patentibus
1131 1722 1234 1784 maxi-

85 1844 206 1921 meque
238 1835 462 1901 frumentariis
494 1834 655 1899 finitimos
688 1833 834 1898 haberet.
882 1832 938 1898 Ob
967 1839 1022 1898 eas
1054 1837 1171 1897 causas
1202 1836 1233 1894 ei

85 1945 267 2008 munitibni
282 1964 382 2030 quam
396 1941 524 2008 iecerat
538 1941 578 2006 Τ.
597 1942 780 2007 Labienum
797 1943 947 2028 legatum
963 1940 1143 2027 praci'c'cit3
1161 1940 1231 2024 ipae

83 2053 121 2116 in
137 2040 272 2116 Ttaliam
297 2058 426 2138 magnis
452 2051 628 2117 itineribus
655 2050 828 2116 contendit
852 2049 1003 2136 duasque
1023 2049 1069 2113 ibi
1084 2049 1231 2134 legiones

85 2160 276 2237 conscribit,
304 2169 340 2225 et
358 2168 435 2238 tres,
463 2181 547 2246 quae
580 2161 707 2225 circum
733 2159 926 2244 Aquileiam
957 2157 1155 2233 hiemabant,
1190 2177 1232 2219 ex
1245 2167 1279 2221 10

83 2269 233 2334 hibernis
249 2268 370 2345 educit
388 2276 432 2345 et,
450 2275 516 2353 qua
531 2269 725 2353 proximum
740 2268 806 2332 iter
820 2268 856 2330 in
882 2267 1072 2332 ulteriorem
1091 2265 1232 2330 Galliam

84 2399 146 2462 per
174 2378 280 2463 Alpes
307 2384 386 2453 erat,
414 2398 490 2441 cum
517 2376 569 2442 his
598 2384 747 2462 quinque
764 2376 953 2463 legicnibus
974 2380 1023 2440 irc
1048 2374 1230 2439 contendit

84 2486 139 2550 Ibi
170 2485 355 2551 Ceutrones
376 2493 412 2550 et
442 2483 605 2550 Graioceli
632 2493 668 2550 et
695 2485 870 2571 Caturiges
898 2486 980 2550 locis
1008 2484 1232 2569 superioribus

85 2600 257 2680 occupatis
279 2595 399 2660 itinere
423 2595 607 2660 exercitum
633 2595 805 2681 prohibere
829 2602 1001 2660 conantur.
1050 2595 1234 2678 Compluri-

82 2704 148 2768 bus
164 2703 217 2768 his
234 2703 367 2788 proeliis
386 2704 501 2787 pulsis,
518 2703 561 2767 ab
586 2703 700 2780 Ocelo,
727 2702 818 2788 quod
842 2713 895 2769 est
917 2704 1080 2769 citerioris
1105 2704 1233 2788 provin·
1246 2715 1279 2768 15

83 2813 155 2877 ciae
181 2819 379 2890 extremum,
399 2812 437 2875 in
459 2810 546 2876 fines
572 2811 815 2876 Vocontiorum
848 2812 1016 2877 ulterioris
1043 2813 1232 2897 provinciae

83 2920 139 2986 die
158 2921 300 3006 septimo
316 2921 489 3006 pervenit3
514 2919 592 2986 inde
612 2923 648 2984 in
666 2920 888 3007 Allobrogum
911 2919 1009 3000 fines,
1026 2919 1067 2985 ab
1084 2919 1235 2983 Allobro

83 3029 186 3115 gibus
211 3029 249 3093 in
273 3027 472 3116 Segusiavos
500 3030 689 3094 exercitum
715 3027 820 3094 ducit
875 3027 923 3092 Hi
947 3035 1027 3092 sunt
1046 3034 1141 3091 extra
1165 3034 1234 3110 pro

83 3138 232 3202 vinciam
248 3144 338 3202 trans
356 3136 558 3202 Rhodanum
574 3145 681 3225 primi.

135 3247 197 3311 11.
231 3245 381 3310 Helvetii
396 3247 464 3310 iam
482 3269 541 3332 per
556 3249 729 3336 angustias
744 3255 780 3314 et
797 3247 886 3314 fines
905 3247 1136 3334 Sequanorum
1156 3254 1233 3312 suas

83 3355 196 3454 copias
212 3352 440 3432 traduxerant,
452 3363 489 3420 et
502 3356 538 3420 in
554 3355 748 3421 Aeducrum
765 3355 852 3422 fines
868 3363 1089 3442 pervenerant
1105 3363 1232 3420 eorum-

83 3485 150 3550 que
167 3471 263 3550 agrbs
281 3464 535 3549 populabantur.
585 3463 707 3541 Aedui,
725 3487 802 3551 cum
822 3473 856 3530 sc
877 3487 1003 3551 suaque
1047 3514 1092 3555 m
1099 3514 1233 3555 Helvetium

1043 3564 1128 3605 invade
1138 3563 1174 3605 the

82 3573 125 3637 ab
148 3580 197 3637 eis
220 3571 398 3638 defendere
424 3581 491 3637 non
515 3581 661 3659 possent,
679 3575 806 3659 legatos
830 3571 872 3637 ad
891 3574 1006 3638 Caesa
1044 3612 1220 3665 mmmm

81 3703 152 3747 mm
179 3683 323 3746 mittunt
355 3689 509 3768 rogam
541 3683 723 3747 aaaron:
760 3681 814 3746 sta
850 3690 884 3746 δὲ
917 3689 1007 3746 omni
1040 3655 1269 3772 taratara

80 3800 230 3877 tempore
247 3790 288 3855 de
307 3792 430 3876 popula
449 3791 596 3855 Romani)
614 3792 748 3854 meritos
764 3811 835 3855 esse
849 3798 890 3855 ut
902 3812 1007 3876 paene
1041 3766 1179 3815 mmm·

79 3901 116 3965 in
144 3905 330 3986 cbnspecti‘i
358 3898 525 3964 exercitiis
550 3905 657 3963 nostri
682 3903 755 3986 agri
779 3903 913 3977 vastari,
940 3897 1037 3963 libem*
1058 3905 1173 3963 ebrum
1197 3905 1233 3962 in
