2900 4422
492 323 664 374 onnrrnn
689 322 758 374 xiv
1134 302 1198 370 239

51 494 238 558 exercitum
263 494 418 559 trodooit
473 495 620 558 Helvetii
645 499 819 578 repentIno
842 494 914 558 eius
939 491 1087 557 adventii
1114 510 1200 554 com-

51 609 140 676 moti
176 625 253 667 cum
285 602 320 665 id
348 602 438 688 quod
462 603 527 686 ipsi
550 601 668 666 diobus
694 620 749 666 XX
772 603 951 688 aegerrimo
976 599 1197 675 condicerent,

50 718 89 774 ut
104 710 233 775 fiirmen
258 717 443 788 transirent,
460 711 557 774 illum
573 718 640 774 imo
660 710 712 774 dio
737 709 855 774 iecisse
880 709 976 772 intel-
1004 711 1229 804 demmo

50 820 210 904 legerent,
222 820 349 905 logotos
363 818 405 882 ad
422 840 499 883 eum
512 820 670 895 mittunt3
689 819 785 882 cirins
798 817 974 903 logotionis
1001 805 1192 906 mium„

52 928 171 991 Divico
188 934 341 1011 princeps
358 927 434 1003 fut,
453 934 512 1012 qui
527 927 614 990 beno
634 927 791 992 cassiano
808 925 880 988 dux
898 925 976 988 Hel·
1000 904 1172 956 ⁰⁸¹⁶s⁰'²⁰⁶“⁰⁰·

54 1038 217 1100 votionum
234 1037 353 1102 iuerat.
399 1038 433 1102 Is
449 1038 496 1101 ita
513 1059 589 1101 cum
607 1037 746 1100 Caesare
765 1036 854 1120 ogit:
874 1035 909 1098 Si
925 1041 1039 1119 pocem
1054 1036 1200 1120 populus

53 1146 222 1208 Romonus
239 1167 315 1210 cum
332 1146 497 1210 Helvotiis
513 1145 647 1219 faceret,
665 1145 701 1207 in
719 1164 793 1207 eam
817 1151 945 1226 partem
968 1144 1074 1208 ituros
1098 1149 1199 1229 atque

51 1253 95 1317 ibi
110 1253 247 1318 futirros
264 1255 439 1318 Helvotios
457 1254 515 1318 ubi
532 1261 588 1317 eos
608 1253 730 1318 Caesar
748 1252 978 1316 constituisset
1002 1259 1102 1337 atque
1127 1272 1199 1316 esse
1209 1265 1243 1318 10

53 1363 232 1427 voluisset:
259 1369 309 1426 sin
332 1363 419 1427 bello
444 1369 599 1448 persequi
623 1367 858 1446 persevororet
884 1360 1148 1425 reminisceretur
1165 1364 1200 1423 et

53 1472 172 1534 veteris
188 1471 391 1535 incommodi
409 1473 524 1557 populi
540 1472 682 1535 Romoni
699 1478 734 1534 et
750 1471 909 1554 pristinae
927 1469 1061 1533 virtirtis
1080 1467 1201 1532 Helvo-

54 1581 182 1643 tiorum.
235 1578 335 1658 Quod
358 1581 537 1664 improviso
562 1588 668 1674 onum
693 1586 818 1665 pogum
846 1578 983 1643 adortus
1007 1584 1105 1654 esset,
1123 1598 1199 1664 cum

54 1694 82 1750 ei
97 1694 154 1772 qui
169 1686 298 1751 flirmen
315 1695 510 1753 tronsissent
526 1695 595 1753 suis
614 1689 778 1752 auxilium
796 1687 882 1752 ferre
908 1695 975 1751 non
1000 1692 1144 1771 possent,
1157 1693 1199 1750 no

55 1796 182 1860 obeam
199 1817 270 1859 rem
295 1804 354 1861 aut
378 1817 457 1860 suae
482 1803 678 1882 magnopere
698 1797 818 1860 virtirti
843 1796 1005 1860 tribueret
1028 1803 1087 1860 aut
1109 1794 1199 1879 ipsos
1209 1804 1243 1858 15

55 1903 254 1988 dospioeret:
280 1913 313 1969 so
331 1906 413 1969 itae
437 1905 587 1989 patribus
613 1906 860 1990 maioribusque
887 1910 957 1969 suis
981 1903 1136 1968 didicisse
1160 1911 1200 1967 ut

56 2014 155 2098 magis
173 2014 299 2078 virtote
318 2013 557 2078 contenderent
575 2035 673 2098 quam
693 2012 770 2077 dolo
787 2021 847 2078 aut
860 2013 995 2077 insidiis
1003 2019 1197 2077 niterentur.

57 2119 127 2198 Quo
142 2129 176 2185 ro
202 2130 245 2185 no
270 2123 494 2186 committeret
518 2128 558 2186 ut
581 2123 609 2186 is
634 2123 728 2186 locus
746 2123 803 2186 ubi
830 2123 1061 2186 constitissent
1083 2143 1127 2186 ex
1150 2142 1201 2185 oa·
1295 2175 1300 2179 .

56 2229 196 2295 lamitote
228 2231 346 2314 populi
378 2230 519 2294 Romoni
549 2239 584 2294 et
615 2231 841 2294 internecione
876 2231 1044 2294 exercitus
1079 2237 1199 2294 nomen

57 2346 184 2421 caperet
200 2345 262 2402 eut
276 2339 468 2402 memoriam
484 2338 647 2423 proderet.
1207 2351 1242 2405 Ἃ)

102 2449 158 2514 14.
195 2446 259 2510 His
277 2447 400 2511 Caesar
416 2450 464 2512 ita
481 2448 671 2531 respondit:
697 2448 748 2511 Eo
765 2447 829 2511 sibi
845 2447 955 2512 minus
980 2446 1199 2512 dubitotionis

57 2553 129 2631 dari,
146 2554 241 2640 quod
257 2562 310 2620 eos
326 2564 378 2619 ros
395 2563 477 2641 quos
493 2557 595 2642 logoti
624 2556 773 2620 Helvotii
800 2562 1112 2620 commemorossent
1135 2577 1199 2620 me

58 2664 153 2726 morio
178 2670 316 2739 teneret,
335 2671 435 2748 atque
452 2672 491 2728 eo
507 2666 643 2750 gravius
661 2664 747 2729 ferre
773 2672 839 2750 quo
863 2667 974 2728 minus
1000 2680 1199 2772 mamm

59 2773 166 2834 merito
182 2772 301 2856 populi
317 2773 459 2835 Romini
476 2772 675 2837 accidissent
689 2798 697 2850 3
717 2780 777 2858 qui
789 2780 818 2837 si
830 2774 972 2838 alicuius
999 2780 1144 2832 terrestre.

59 2879 189 2944 iniirriae
208 2880 272 2944 sibi
289 2881 441 2944 conscius
458 2880 588 2957 fuisset,
608 2889 676 2945 non
694 2881 799 2947 fuisse
818 2881 953 2946 difficile
978 2890 1115 2958 cavore3
1140 2881 1227 2946 sed5

59 2994 93 3050 eo
108 2987 293 3073 doceptum,
307 2989 398 3073 quod
414 3010 521 3074 neque
540 2992 753 3054 commissum
769 2997 787 3054 o
807 2999 840 3054 so
860 2991 1071 3076 intellegeret
1087 2996 1152 3074 quo
1164 2997 1198 3054 ro

60 3097 190 3174 timoret,
213 3118 322 3181 neque
349 3097 419 3161 sine
448 3105 548 3162 causo
574 3099 761 3163 timendum
786 3107 927 3184 putoret.
979 3097 1078 3177 Quod
1102 3103 1130 3161 si
1145 3118 1199 3161 ve-

59 3206 131 3269 teris
166 3207 386 3270 contumeliae
420 3207 570 3271 oblivisci
612 3210 724 3285 vellet,
757 3230 839 3272 num
875 3210 976 3273 etiam
1013 3206 1198 3272 recentium

60 3311 255 3391 iniuriarum,
288 3314 379 3399 quod
412 3323 450 3379 eo
485 3317 591 3380 invito
624 3318 689 3381 iter
721 3339 780 3401 per
810 3320 1015 3401 provinciam
1047 3315 1198 3400 pervim

61 3427 280 3506 temptossent
299 3423 389 3509 quod
406 3424 555 3501 Aeduos,
574 3424 665 3510 quod
681 3425 872 3502 Ambarros,
891 3426 982 3512 quod
998 3426 1197 3512 Allobrogos
1208 3431 1242 3484 10

61 3537 240 3609 vexossent,
266 3534 457 3597 memoriam
481 3533 643 3616 deponere
670 3535 789 3618 posse?
853 3534 954 3614 Quod
977 3542 1037 3599 suo
1060 3534 1198 3600 victorio

62 3643 122 3701 tam
146 3644 329 3706 insolenter
355 3642 586 3727 gloriorentur,
615 3643 772 3727 quodque
805 3651 873 3708 tam
906 3644 965 3707 diir
996 3653 1031 3708 so
1062 3644 1197 3728 impune

62 3745 188 3812 inlinis
213 3750 330 3813 tulisse
360 3749 609 3825 admirorentur‚
638 3750 754 3814 eodem
786 3753 962 3835 pertinere.
1012 3751 1196 3816 Consuosse

62 3856 141 3918 enim
156 3856 234 3923 deos
251 3858 463 3933 immortolos
482 3865 548 3942 quo
564 3859 701 3944 gravius
717 3859 867 3924 hominos
880 3881 923 3924 ex
940 3861 1197 3926 commonitione
