2922 4420
81 365 280 424 §teci-570
539 380 673 427 russos
698 381 801 427 cxxv

136 582 216 632 564.
491 578 600 629 Ι.ΑΤΙΝ
621 577 846 642 ΩυΕὸΤΙΟΝὸ

135 701 234 781 Quot
251 701 323 764 viee
341 697 616 783 relinquebantur
639 718 698 780 per
722 697 918 782 Sequanos?
966 699 1168 775 Poterantne
1186 701 1241 766 Se-

82 817 213 897 quanis
228 809 291 872 hoc
308 805 530 892 persuidere?
579 805 628 891 (N
632 811 840 890 §quiquam
865 805 900 869 id
921 806 1084 892 SequanIs
1109 817 1241 894 persue-

82 919 169 984 dere
186 918 321 980 minime
340 919 524 1000 poterant.)
575 912 631 976 Ad
653 935 753 998 quern
769 921 932 979 miserunt
955 916 1106 1000 legitos?
1153 917 1239 996 Quis

82 1035 163 1092 erat
179 1025 394 1090 Dumnorix?
442 1023 652 1108 (Dumnorix
669 1029 822 1106 princeps
839 1031 912 1088 erat
924 1023 1159 1090 Helvetiorum
1173 1029 1241 1112 ple-

83 1137 191 1221 bique
211 1137 399 1220 acceptus.)
448 1131 568 1196 Nonne
594 1131 785 1194 Dumnorix
806 1138 933 1197 amicus
957 1132 1123 1199 Helvetiis
1147 1137 1241 1200 erut?

86 1245 166 1331 (Ita
184 1243 329 1330 quidem,
346 1241 375 1306 is
393 1240 560 1304 Helvetiis
578 1241 797 1305 amicissimus
814 1245 915 1328 erat.)

607 1431 735 1482 NOTES

137 1555 214 1607 565.
239 1559 301 1618 qua
317 1591 323 1603 .
342 1591 347 1603 .
366 1591 372 1602 .
392 1556 548 1616 poterant.
564 1551 618 1601 and
638 1549 669 1609 bu
683 1552 703 1598 it
714 1551 864 1613 theycoubi,
876 1557 926 1602 etc.
965 1554 1096 1617 Compare
1105 1557 1161 1604 this
1173 1557 1240 1606 rele

85 1642 142 1690 tive
156 1640 247 1690 clause
257 1638 323 1687 with
336 1638 381 1686 the
390 1634 602 1697 characterizing
614 1634 703 1683 clause
717 1636 831 1695 quibus
850 1672 855 1683 .
874 1672 880 1685 .
898 1673 904 1684 .
923 1643 1057 1698 possent
1068 1638 1097 1686 in
1109 1641 1176 1698 444,
1185 1641 1238 1689 end

83 1725 179 1774 notice
198 1725 244 1773 the
261 1721 405 1770 difference
425 1721 452 1768 in
472 1718 607 1780 meaning.
646 1717 671 1764 lf
689 1717 743 1765 this
760 1731 829 1765 were
848 1733 864 1766 a
881 1719 1094 1784 characterizing
1110 1722 1200 1772 clause
1218 1724 1239 1772 it

84 1807 180 1857 would
201 1819 280 1855 mean
301 1805 363 1865 only
383 1818 431 1854 one
450 1802 515 1853 rocd
533 1801 565 1860 of
580 1801 621 1850 the
641 1799 798 1861 impassable
819 1801 900 1851 kind:
924 1808 973 1852 not
996 1809 1024 1853 et
1040 1804 1076 1853 all
1093 1806 1168 1855 what
1184 1807 1239 1856 this

83 1891 181 1940 clause
198 1903 300 1940 means.
339 1889 386 1938 See
406 1888 477 1949 App.
492 1886 560 1944 173,
573 1898 597 1934 α.

136 1990 215 2041 566.
239 1991 397 2052 sequanis
409 1989 526 2045 invitis,
537 1986 643 2047 accinet
652 1985 694 2034 the
703 1985 755 2034 will
764 1985 796 2045 os
804 1986 846 2036 ibe
858 1987 983 2050 Sequani,
995 2002 1025 2038 or
1034 1989 1061 2049 if
1068 1989 1110 2040 the
1122 1989 1239 2054 Sequani

84 2076 183 2126 should
193 2075 287 2135 refuso.
326 2074 379 2125 For
390 2073 436 2121 the
448 2069 635 2121 construction
648 2082 690 2117 see
703 2083 738 2116 on
751 2072 786 2118 se
803 2072 914 2130 invito,
927 2072 994 2122 5⁵0.

136 2176 214 2226 567.
238 2189 311 2226 cum
329 2213 334 2225 .
352 2213 358 2224 .
377 2212 383 2224 .
401 2176 541 2237 possent.
554 2170 694 2230 siccetbey
707 2171 847 2233 occidnut,
861 2177 911 2221 etc.
950 2172 998 2222 See
1010 2175 1077 2225 486.

135 2276 214 2327 568.
238 2277 277 2328 οδ
295 2275 508 2338 deprecatore.
521 2272 553 2332 by
565 2271 606 2321 bis
618 2271 763 2321 mediatioc
780 2286 811 2320 or
823 2273 886 2323 with
902 2273 957 2323 him
969 2288 1000 2324 as
1017 2276 1147 2327 advocate.
1185 2278 1239 2328 Ob-

83 2376 164 2412 serve
176 2361 236 2409 that
248 2359 294 2408 the
305 2371 431 2422 pronoun
443 2358 482 2408 οό
495 2357 518 2405 is
530 2356 593 2404 here
606 2355 748 2417 employed
761 2355 866 2406 instead
879 2357 908 2406 oi
920 2371 936 2406 a
947 2372 1030 2419 noun,
1044 2373 1075 2407 as
1087 2359 1115 2407 in
1127 2361 1194 2411 5⁵0.

134 2460 213 2511 569.
237 2463 274 2510 ut
291 2495 297 2509 .
316 2495 322 2509 .
340 2495 346 2509 .
364 2460 577 2522 impetrarent
591 2455 646 2505 inc
657 2455 716 2514 they
728 2455 811 2518 miyht
822 2456 910 2508 obtain
924 2457 1059 2522 (comest).

477 2796 693 2867 LESSON
737 2795 889 2864 LXXV

132 2970 210 3020 570.
626 2963 728 3013 ΤΕΧΤ

131 3073 325 3136 Dumnorix
351 3067 458 3153 gretie
482 3073 517 3131 et
541 3066 715 3151 largitione
742 3065 832 3150 apud
857 3065 1029 3150 Sequanos
1053 3069 1235 3150 plurimum

85 3186 227 3265 poterat,
242 3186 277 3242 et
294 3176 460 3240 Helvetiis
477 3181 686 3238 erotemicus
703 3173 795 3259 quod
813 3195 854 3237 ex
872 3180 909 3237 ei
927 3175 1061 3238 civitite
1081 3175 1236 3261 Orgetor-

83 3291 149 3374 igis
164 3287 275 3350 ffliam
292 3286 327 3347 in
343 3284 590 3346 mitrimdnium
613 3282 774 3359 duxerat3
799 3289 834 3346 et
857 3281 1039 3366 cupiditate
1065 3291 1158 3370 regni
1182 3286 1236 3349 ad-

85 3397 209 3460 ductus
225 3400 322 3457 novIs
339 3392 437 3456 rebus
460 3392 624 3469 studebat,
644 3401 678 3457 et
694 3413 795 3477 quam
819 3391 978 3474 plurimis
996 3393 1149 3457 civitites
1173 3402 1233 3458 suo

85 3503 245 3570 beneficii)
262 3501 383 3566 habere
403 3502 576 3567 obstrictis
595 3504 736 3567 volebat.
784 3502 902 3586 Itaque
926 3525 994 3566 rem
1011 3504 1150 3588 suscipit
1166 3511 1234 3567 eti

87 3613 252 3698 Sequanis
268 3614 426 3697 impetrat
442 3621 481 3675 ut
500 3635 558 3697 per
573 3612 661 3676 fines
687 3621 763 3677 suos
782 3613 957 3677 Helvetios
981 3620 1027 3677 ire
1054 3615 1232 3698 potiantur,

87 3721 284 3806 obsidesque
311 3727 363 3784 uti
386 3721 475 3784 inter
498 3729 568 3786 sese
594 3721 675 3785 dent
700 3721 845 3806 perficit:
873 3722 1091 3806 Sequimini}
1116 3723 1233 3787 itinere

88 3830 262 3894 Helvetios
289 3828 504 3913 prohibeant3
539 3828 699 3910 Helvetii,
725 3837 765 3892 ut
788 3830 858 3894 sine
882 3829 1042 3897 maleficio
1063 3838 1098 3896 et
1113 3833 1234 3898 iniurie

87 3945 266 4010 transeant.
