2900 4422
685 383 883 438 APPENDIX
1249 384 1363 450 isses

469 559 595 594 meum
1028 559 1129 594 nuum

313 636 380 688 Mas.
475 636 545 689 Fem.
660 635 737 688 Neut.
836 636 903 688 Mas.
1030 635 1100 688 Fem.
1230 635 1309 688 Neut.

172 733 176 746 '
219 735 254 789 D.
288 735 383 789 eidem
467 734 561 789 eidem
653 734 747 789 eidem
821 735 972 788 eisdemor
1016 735 1126 790 eisdem
1143 753 1175 789 or
1208 734 1358 790 eisdemor

850 818 943 872 isdem
1048 819 1142 873 isdem
1242 817 1337 872 isdem

218 902 253 954 A.
287 901 412 955 eundem
466 899 588 955 eandem
653 900 731 955 idem
820 901 936 955 eisdem
1016 901 1132 956 eisdem
1208 901 1313 956 eadem

219 985 254 1038 A.
288 984 389 1038 eudem
467 983 567 1038 eidem
652 984 754 1037 endem
820 984 929 1038 eisdem
1015 985 1124 1039 eisdem
1208 984 1320 1038 eisdem

263 1149 316 1204 59.
540 1149 618 1200 ΤΗΕ
634 1148 834 1202 ΙΝΤΕΝδΙνΕ
851 1148 1037 1202 ΡΒΟΝΟυΝ

264 1305 347 1368 Ipse,
364 1302 472 1370 himself,
492 1301 517 1355 is
534 1300 667 1355 deelined
684 1301 743 1356 like
760 1303 829 1368 iste,
846 1306 950 1369 except
966 1301 1031 1356 that
1047 1302 1099 1355 the
1117 1301 1297 1356 nominative
1315 1303 1367 1354 and

221 1385 381 1440 accusative
393 1390 496 1440 neuter
507 1385 634 1453 singular
645 1384 671 1438 is
682 1388 794 1450 ipsum.

262 1551 314 1603 60.
551 1549 628 1601 ΤΗΕ
645 1550 1032 1603 ΒΕΕΑΤΙνΕῐΡΗΟΝΟυΝ

721 1689 788 1753 Qui,
811 1687 868 1739 who

457 1795 581 1827 sinuum
1031 1795 1132 1828 Pilum

331 1871 398 1924 Mas.
484 1871 554 1923 Fem.
633 1870 709 1923 Neut.
848 1871 915 1931 Mas.
998 1872 1069 1924 Fem.
1190 1872 1266 1926 ΝΜ.

261 1971 298 2026 N.
322 1972 373 2038 qui
473 1985 545 2038 quae
623 1969 702 2037 quod
823 1973 875 2039 qui
972 1987 1045 2038 quae
1170 1987 1243 2040 quae

262 2055 294 2108 G.
320 2054 402 2108 cuius
470 2053 552 2108 cuius
619 2053 701 2107 euius
822 2057 943 2122 querum
972 2059 1093 2122 quirum
1171 2059 1294 2123 quinum

260 2139 294 2192 D.
320 2137 368 2191 cui
472 2136 518 2191 eui
623 2136 669 2191 cui
821 2137 926 2205 quibus
970 2137 1076 2205 quibus
1171 2139 1277 2205 quibus

263 2222 298 2274 A.
323 2237 410 2288 quem
475 2237 562 2288 quam
623 2219 702 2288 quod
823 2223 894 2287 ques
972 2224 1064 2288 quis'
1172 2237 1243 2288 quae

259 2306 295 2358 A.
319 2306 377 2371 qut
477 2307 533 2372 qui
627 2306 684 2371 qui>
826 2298 931 2371 quilius
971 2303 1076 2371 quibus
1172 2304 1276 2373 quibus

266 2437 291 2473 a.
318 2423 509 2484 Quicumque
532 2419 592 2473 and
616 2421 765 2486 quisquis,
788 2420 907 2486 wltonem,
939 2437 986 2474 are
1012 2420 1205 2488 generalizing
1227 2422 1363 2474 relatives.

220 2505 282 2558 The
294 2508 347 2568 qui
364 2503 395 2557 oi
412 2507 596 2569 quicumque
609 2503 633 2557 is
645 2502 778 2556 deelined
789 2503 939 2571 regularly.
978 2507 1132 2572 Quisquis,
1144 2506 1301 2571 quidquid,
1312 2503 1366 2556 and

121 2635 125 2646 .
199 2588 201 2592 ’
220 2592 343 2655 qunque
362 2603 409 2640 are
426 2588 477 2640 the
491 2587 561 2654 only
573 2603 707 2641 common
720 2587 808 2640 forms
820 2587 849 2640 oi
860 2591 1008 2654 quisquis.

268 2673 290 2724 b.
316 2671 378 2724 The
390 2671 569 2738 preposition
581 2686 651 2724 eum
666 2669 690 2723 is
700 2670 813 2737 usually
826 2671 942 2724 enclitic
954 2671 1026 2725 with
1038 2671 1089 2725 the
1101 2671 1366 2739 ielativepronoun;

109 2811 110 2814 ,
221 2771 252 2810 as
264 2757 457 2822 quibuscum,
469 2755 632 2807 wtthwhom.

268 2919 320 2971 81.
509 2917 818 3014 ΙΙἹΤΕΗΒΟΘΑΤΝΕ
839 2918 1052 2972 ΡΒΟΝΟϋΝὸ

266 3074 334 3138 Qui,
357 3087 444 3137 quse,
465 3073 556 3138 quod,
579 3071 630 3125 the
658 3071 798 3137 adjective
820 3072 893 3124 who?
920 3072 1005 3124 what!
1031 3071 1058 3126 is
1082 3071 1215 3126 declined
1237 3071 1295 3125 like
1318 3071 1365 3124 the

220 3154 347 3209 mlative.
382 3156 466 3221 Quis,
484 3156 566 3221 quid,
577 3155 629 3208 the
638 3155 819 3210 substantive
832 3156 905 3208 who!
915 3155 999 3207 what?
1010 3153 1034 3208 is
1046 3154 1118 3208 used
1129 3155 1222 3210 inthe
1232 3154 1364 3222 singular.

715 3291 799 3355 Quis,
816 3288 873 3341 who

729 3429 854 3462 sussum

555 3523 623 3576 Mae.
638 3525 693 3576 and
704 3523 774 3575 Fem.
930 3523 1007 3578 Νῆα.

589 3639 624 3692 Ν.
649 3638 715 3706 quis
921 3639 993 3708 quid

592 3723 624 3776 Θ.
651 3723 732 3776 euius
921 3723 1004 3778 cuius

591 3807 625 3860 D.
650 3805 698 3859 cui
924 3807 971 3860 eui

589 3891 623 3943 A.
648 3904 735 3957 quem
922 3890 994 3956 quid
1078 3900 1083 3916 ’

588 3975 624 4027 A.
649 3975 707 4040 qui)
922 3976 980 4041 que
