2900 4422
557 293 708 340 BELLUM
731 291 972 339 HELVETICUM
1071 250 1077 259 ι

556 834 590 894 o.
621 835 739 894 mnu
769 835 980 895 causatus

407 998 500 1079 DE
543 998 776 1078 BELLO
822 995 1119 1080 GALLIOO

686 1175 838 1184 ——--—-

459 1271 846 1338 COMMENTARIUS
879 1271 1071 1336 PRIMUS·

240 1375 308 1422 ac.
323 1377 351 1421 ts
541 1377 543 1380 ·

241 1463 275 1529 1.
310 1462 420 1528 Gallia
442 1470 495 1529 est
517 1463 625 1528 omnis
649 1462 755 1528 divisa
778 1464 814 1527 in
838 1471 950 1548 partes
974 1469 1052 1539 tres,
1073 1471 1216 1548 quorum
1239 1473 1345 1528 unam

191 1572 346 1637 incolunt
361 1572 495 1657 Belgae,
512 1573 612 1636 aliam
629 1571 803 1657 siquitem,
821 1573 953 1635 tertiam
970 1577 1030 1656 qui
1050 1571 1202 1656 ipsorum
1225 1575 1346 1660 lingue

192 1728 377 1780 ammos
417 1680 542 1756 Celtae,
560 1685 673 1744 nostro
691 1679 781 1744 Galli
802 1680 1024 1764 appellantur.
1073 1680 1121 1744 Hi
1142 1690 1258 1746 omnes
1283 1683 1347 1745 lin-

191 1779 351 1869 nattam
416 1794 492 1874 gua,
509 1789 684 1865 instituas,
701 1788 832 1874 legibus
846 1789 935 1851 inter
951 1796 985 1852 se
1000 1786 1173 1853 differunt.
1225 1790 1347 1854 Ganos

164 1879 283 1955 ΝΜ
295 1877 364 1918 aaut.
418 1895 460 1976 ab
475 1896 656 1996 Aquitenis
676 1896 846 1960 Garumna
862 1895 996 1972 fiumen,
1016 1902 1035 1959 o
1052 1897 1167 1983 Belgis
1188 1898 1346 1962 Metrona

193 2012 228 2071 et
244 2004 401 2090 Sequana
416 2004 546 2069 dividit
596 2003 728 2068 Horum
744 2006 893 2068 omnium
909 2004 1085 2069 fortissimi
1101 2013 1183 2069 sunt
1207 2006 1347 2093 Belgae,

194 2120 366 2200 propterce
383 2112 508 2198 quode
528 2114 623 2177 culto
647 2119 748 2198 atque
772 2113 979 2178 homenitete
1006 2113 1195 2197 provinciae
1221 2115 1350 2200 longis

193 2223 275 2287 sime
292 2223 423 2299 absunt,
440 2222 644 2307 minimeque
662 2221 703 2285 ad
728 2229 784 2286 eos
809 2228 1007 2286 mercatores
1034 2243 1130 2306 saepe
1155 2235 1350 2288 commeant
1434 2235 1435 2238 ’

194 2338 295 2416 atque
308 2351 347 2395 ea
362 2351 448 2414 quae
465 2329 508 2410 ad
525 2329 766 2395 effeminandos
791 2331 919 2394 animos
945 2332 1115 2415 pertinent
1138 2332 1349 2416 important;

149 2453 183 2508 10
195 2441 402 2525 proximique
420 2446 501 2502 sunt
519 2438 702 2514 Germonis
721 2445 780 2523 qui
796 2445 889 2502 treus
908 2439 1070 2503 Rhenum
1091 2441 1255 2517 incolunt,
1272 2442 1351 2525 qui-

194 2546 334 2612 buscum
358 2548 570 2611 continenter
584 2547 710 2609 bellum
733 2555 866 2631 gerunt.
916 2547 992 2626 Quo
1016 2547 1057 2612 de
1075 2555 1174 2612 causo
1193 2549 1351 2613 Helvetii

195 2677 327 2741 quoque
344 2657 490 2741 reliquos
508 2655 623 2718 Gallos
641 2655 765 2718 virtote
785 2655 997 2739 praecedunt,
1018 2657 1109 2741 quod
1133 2655 1203 2720 fere
1228 2658 1351 2721 cotidi-
1434 2641 1435 2716 l

194 2770 266 2828 onis
288 2765 422 2848 proeliis
447 2785 525 2828 cum
548 2762 723 2826 Germoms
751 2755 969 2840 contendunt,
996 2785 1073 2829 cum
1098 2771 1158 2829 aut
1175 2773 1246 2829 suis
1270 2765 1352 2829 fini·

194 2873 256 2937 bus
272 2881 328 2937 eos
344 2872 521 2956 prohibent
537 2884 597 2935 aut
618 2872 683 2956 ipsi
707 2872 742 2934 in
768 2881 882 2936 eorum
908 2873 1036 2937 finibus
1061 2873 1186 2938 bellum
1211 2884 1351 2960 gerunt.

70 3058 77 3074 ,
148 2991 181 3041 15
194 2981 316 3044 Eorum
339 2990 407 3045 ona
431 3003 516 3066 pars,
535 3003 636 3066 quam
662 2979 777 3044 Gallos
805 2981 951 3044 obtinere
978 2981 1106 3045 dictum
1130 2989 1191 3058 est,
1208 2983 1351 3046 initium

193 3091 285 3173 capit
314 3097 333 3153 o
365 3089 503 3154 flumine
537 3090 719 3167 Rhodano3
761 3093 952 3156 continetur
991 3090 1161 3154 Garumna
1193 3089 1350 3167 flumine,
1434 3119 1435 3204 p

195 3186 338 3275 Oceano,
366 3199 494 3263 finibus
521 3201 720 3286 Belgerum3
754 3200 890 3286 attingit
917 3201 1017 3264 etiam
1046 3198 1087 3261 ab
1114 3197 1279 3282 Sequanis
1315 3209 1351 3264 et
1434 3255 1435 3296 p

194 3308 361 3372 Helvetiis
376 3306 502 3374 flomen
518 3309 695 3384 Rhenum,
720 3311 829 3395 vergit
853 3309 894 3372 ad
918 3308 1169 3392 septentriones.
1220 3306 1349 3392 Belgae
1434 3315 1435 3404 J

193 3417 233 3480 ab
249 3424 406 3481 extremis
424 3419 553 3482 Galliae
570 3417 697 3482 finibus
715 3419 890 3492 oriuntur3
907 3413 1137 3500 pertinentad
1151 3414 1347 3479 inferiorem
1434 3437 1435 3490 ζ

148 3545 181 3595 20
194 3531 319 3609 partem
336 3525 485 3590 flominis
504 3526 631 3602 Rhen13
657 3532 812 3609 spectant
834 3525 869 3587 in
896 3527 1156 3608 septentrionem
1182 3530 1219 3588 et
1242 3525 1348 3589 orien-

193 3643 260 3698 tem
292 3636 404 3700 solem.
454 3635 640 3718 AquItonia
668 3640 687 3696 o
717 3633 888 3697 Garumne
916 3632 1053 3696 flumine
1088 3632 1130 3696 ad
1155 3632 1346 3717 Pyrenaeos

193 3749 322 3807 montes
339 3750 374 3807 et
399 3765 472 3808 eam
499 3749 627 3826 partem
655 3729 782 3806 Oceani
797 3761 883 3824 qnae
901 3746 954 3804 est
969 3738 1010 3803 ad
1029 3741 1229 3824 Hispaniam
1247 3742 1343 3824 perti·

194 3856 251 3912 net
261 3873 274 3924 3·
294 3858 422 3933 spectat
437 3852 526 3914 inter
542 3856 695 3913 occasum
713 3850 791 3911 solis
807 3856 842 3911 et
859 3849 1110 3930 septentriones.
