2900 4422
485 367 679 422 enarrans
703 371 753 432 vr,
778 372 834 421 vn
1004 351 1006 354 ’
1173 357 1238 426 235

83 538 235 615 consilio,
249 520 383 623 'oppidis
412 543 483 604 suas
500 543 651 624 virisque
678 544 819 616 exostis,
845 545 913 604 ona
935 561 1013 606 cum
1028 546 1077 608 eis
1092 543 1237 628 proficis

81 653 226 723 cantur3
243 647 421 732 Boiosque,
436 653 494 732 qui
507 652 598 711 trans
617 646 774 712 Rhonum
790 647 1001 721 incoluerant
1017 651 1102 714 etin
1119 672 1236 737 agrum

82 755 248 822 Noricum
273 757 474 820 transierant
499 755 722 841 Noroiamque
746 762 988 842 oppagnarant,
1014 765 1165 844 receptos
1193 758 1235 824 ad

81 874 117 930 so
135 868 244 932 socios
256 866 320 931 sibi
338 864 539 929 adscIscunt.

129 978 168 1043 6.
202 975 309 1040 Erant
325 979 458 1038 omnino
474 973 594 1038 itinera
610 971 678 1036 duo
696 972 819 1058 quibus
835 972 1011 1039 itineribus
1028 973 1127 1040 domo
1143 982 1234 1042 exiro
1286 983 1288 988 ’

81 1091 239 1169 possent:
272 1091 379 1148 anum
408 1103 467 1167 per
495 1081 677 1166 Soquanos,
707 1088 890 1167 angustum
918 1087 954 1146 et
975 1081 1121 1161 difficile,
1145 1084 1235 1150 inter

79 1200 234 1256 montem
255 1191 368 1256 11111111
395 1196 432 1255 11
456 1187 582 1254 flamen
611 1186 822 1265 Rhodanum,
849 1189 909 1253 vix
941 1195 1008 1275 qua
1045 1238 1137 1330 pem
1085 1251 1222 1294 mmm

79 1301 210 1386 singuli
233 1305 318 1364 carri
333 1298 555 1374 docerentur3
579 1304 674 1362 mons
694 1303 805 1362 autem
823 1291 1067 1363 altissimus⁰
1045 1290 1185 1380 Rfflffl

78 1407 306 1494 impendebat,
326 1413 366 1472 ut
380 1405 479 1471 facile
497 1427 654 1490 perpauci
641 1405 839 1490 prohibere
851 1413 1005 1490 possent.
1041 1400 1107 1479 113
1088 1389 1185 1480 11111
1186 1391 1267 1467 “llo

78 1517 227 1581 alterum
254 1537 314 1601 per
337 1514 542 1600 provinciam
564 1521 720 1591 nostram,
744 1515 851 1577 multo
873 1514 1007 1580 facilius
1046 1489 1159 1531 Pmm‘

79 1635 185 1711 atque
202 1624 403 1710 expeditius
421 1629 597 1708 propterea
614 1622 705 1708 quod
724 1623 814 1687 inter
827 1622 915 1688 finos
940 1624 1175 1691 Helvotiorum
1198 1636 1233 1694 et

79 1733 315 1820 Allobrogum,
344 1739 402 1818 qui
426 1740 534 1817 nuper
555 1737 666 1816 pacati
690 1738 794 1808 erant,
817 1731 1001 1798 Rhodanus
1024 1733 1110 1812 fluit,
1135 1736 1231 1821 isque

80 1844 253 1909 nonnullis
279 1843 362 1906 locis
390 1839 476 1906 vado
502 1846 672 1907 transitur.
720 1841 919 1905 Extuomum
948 1843 1109 1928 oppidum
1139 1845 1234 1909 Allo-

81 1951 223 2037 brogum
240 1957 293 2016 est
306 1950 563 2035 proximumque
585 1949 819 2014 Helvotiorum
837 1949 964 2014 finibus
983 1951 1129 2019 Genava.
1176 1955 1232 2018 Ex
1248 1967 1282 2018 10

80 2067 119 2123 eo
137 2059 260 2144 oppido
276 2066 360 2144 pons
376 2058 420 2122 ad
437 2057 613 2122 Helvotios
629 2057 785 2142 pertinet.
833 2059 1075 2146 Allobrogibus
1092 2069 1163 2127 soso
1176 2064 1232 2127 vel

80 2175 307 2254 persuasoros,
323 2164 413 2252 quod
423 2165 573 2230 nondum
589 2165 675 2230 bono
692 2166 802 2230 animo
819 2165 854 2229 in
865 2169 1029 2252 populum
1041 2169 1231 2236 Romanurn

79 2277 285 2354 vidorentur,
302 2275 548 2350 existimabant,
565 2275 620 2339 vel
642 2278 677 2339 vi
702 2281 874 2340 coacturos
902 2281 943 2340 ut
965 2298 1027 2361 per
1041 2285 1120 2342 suos
1143 2278 1231 2345 finos

78 2393 136 2451 cos
161 2392 209 2450 ire
237 2392 440 2470 paterentur.
490 2382 656 2447 Omnibus
687 2383 787 2448 robus
813 2383 856 2447 ad
880 2384 1122 2468 profectionem
1145 2409 1232 2453 com-

78 2501 216 2580 paratis,
234 2492 323 2557 diem
338 2491 459 2556 dicunt
474 2496 540 2576 qua
559 2489 613 2554 dis
638 2489 681 2555 ad
705 2498 810 2576 ripam
835 2491 991 2557 Rhodani
1017 2503 1133 2560 omnos
1156 2518 1231 2561 con·
1248 2513 1281 2566 15

77 2602 228 2668 veniant
277 2602 313 2666 Is
328 2600 399 2666 dios
416 2606 489 2665 erut
511 2621 540 2664 a.
556 2598 589 2664 d
606 2621 639 2663 v
658 2600 734 2664 Kal.
752 2601 847 2685 Apu,
867 2601 904 2665 L.
922 2601 1044 2668 Pisone
1068 2602 1113 2668 A.
1133 2604 1231 2670 Gabi-

76 2711 135 2776 nio
153 2710 358 2776 consulibus.

124 2820 164 2888 7.
200 2819 346 2886 Caesari
357 2840 434 2883 cum
460 2814 496 2880 id
521 2817 716 2881 nontiatum
739 2824 838 2894 esset,
862 2825 919 2882 eos
943 2841 1003 2904 per
1023 2820 1229 2905 provinciam

76 2935 229 2995 nostram
256 2928 321 2992 iter
347 2926 456 2990 iaoere
484 2931 605 3001 conari,
633 2931 781 2989 maturat
808 2925 849 2989 ab
876 2925 957 2991 urbe
988 2928 1164 3012 proficisci,
1193 2937 1230 2996 et

76 3059 182 3123 quam
198 3037 353 3099 maximis
371 3039 484 3119 potest
498 3032 701 3097 itineribus
691 3055 728 3096 111
753 3033 898 3097 Galliam
922 3035 1007 3099 ulte·
1046 3067 1119 3110 Q„
1119 3069 1168 3111 ,Q
1119 3068 1223 3122 M„

76 3146 201 3210 riorem
217 3143 391 3209 contendit
406 3149 442 3207 et
458 3140 501 3206 ad
523 3141 695 3206 Genavam
713 3142 878 3227 pervenit.
926 3143 1006 3208 Pro·
1043 3118 1202 3211 mewa

76 3254 207 3319 vinciae
221 3258 285 3317 toti
297 3273 398 3337 quam
410 3251 594 3314 maximum
611 3257 724 3335 potest
736 3251 882 3314 militum
893 3272 1068 3318 numerum
1085 3254 1241 3341 imperat
1246 3269 1262 3319 5

77 3365 172 3448 (erat
187 3367 320 3426 omnino
336 3361 373 3424 in
391 3359 501 3424 Gallia
518 3359 676 3424 ulteriore
693 3360 779 3445 legio
803 3363 902 3447 ona),
921 3368 1056 3445 pontem
1073 3369 1133 3449 qui
1156 3371 1229 3429 erat

75 3471 119 3537 ad
137 3471 311 3536 Genavam
327 3469 423 3533 iubet
446 3466 598 3533 rescindi.
648 3467 716 3532 Ubi
739 3466 781 3531 do
805 3469 878 3532 aius
902 3468 1051 3535 advento
1077 3471 1227 3537 Helvotii

75 3581 235 3646 certiores
264 3577 347 3642 facti
375 3583 464 3653 sunt,
491 3575 620 3661 lagatos
648 3574 692 3640 ad
719 3596 797 3639 eum
828 3577 971 3641 mittunt
1001 3579 1225 3646 nobilissimos

73 3689 234 3765 civitatis
252 3687 350 3752 caius
374 3683 550 3771 legationis
574 3683 770 3749 Nammoius
794 3690 830 3748 et
845 3683 1083 3751 Verucloetius
1106 3687 1228 3772 princi·

73 3821 151 3885 pem
179 3799 292 3862 locum
319 3793 525 3870 obtinobant,
543 3797 604 3878 qui
621 3791 773 3856 dicerent
787 3790 851 3856 sibi
867 3813 938 3859 esse
963 3793 1000 3858 111
1023 3795 1132 3860 animo
1154 3796 1225 3863 sinc
1243 3809 1277 3862 10

73 3908 143 3975 allo
177 3902 340 3972 maleficio
371 3901 437 3970 iter
466 3921 529 3990 per
548 3899 756 3990 provinciam
782 3899 902 3981 iacere,
926 3908 1101 3990 propterea
1133 3904 1225 3993 quod
