2900 4422
225 293 291 360 238
592 313 741 361 sunnon
765 314 1007 364 nnnvnrrcum

224 482 421 547 servitirtem
438 481 570 559 abduci,
589 480 711 566 oppida
726 489 914 569 expignori
929 490 997 547 non
1012 483 1200 550 dobuerint.
1249 483 1380 551 Eodem

223 595 372 674 tempore
405 590 570 667 Ambarri,
615 592 793 655 necessarii
824 597 860 655 ei
891 593 1132 678 consanguinei.
1166 593 1380 669 Aeduorum,

181 707 215 760 10
224 697 400 762 Caesarem
415 699 588 762 certiorem
603 697 737 762 faoiunt
751 707 822 763 soso
839 698 1052 784 dopopulotis
1073 707 1163 786 agris
1183 708 1253 763 non
1278 701 1379 766 facile

224 805 266 869 ab
293 804 425 889 oppidis
451 807 521 870 vim
545 806 696 870 hostium
716 807 899 892 prohibere.
958 808 1046 871 Item
1072 808 1287 894 Allobrogos‚
1321 816 1381 894 qui

224 920 315 977 orons
332 912 533 977 Rhodanum
549 921 641 978 vioos
657 916 952 1000 possessionosque
969 915 1148 993 habobant,
1166 915 1250 1002 fugo
1275 926 1312 982 so
1338 918 1382 982 ad

225 1022 400 1086 Caesarem
423 1023 591 1105 recipiunt
614 1029 650 1086 et
671 1022 903 1088 domonstrant
926 1024 991 1089 sibi
1013 1032 1145 1108 praeter
1169 1032 1242 1110 agri
1267 1027 1381 1090 solum

223 1130 308 1193 nihil
332 1151 403 1194 esse
427 1131 557 1215 reliqui.
607 1130 741 1210 Quibus
765 1133 864 1197 robus
889 1131 1057 1197 adductus
1084 1133 1207 1198 Caesar
1229 1141 1298 1197 non
1325 1157 1383 1199 ex·

179 1254 212 1304 15
224 1237 443 1324 spectandum
459 1239 524 1302 sibi
538 1240 658 1303 statuis
669 1239 760 1317 dum,
775 1241 931 1306 omnibus
946 1240 1092 1305 iomanis
1109 1242 1278 1305 sociorum
1302 1249 1382 1306 oon·

224 1353 377 1431 sumptis,
394 1348 430 1410 in
447 1346 613 1412 Santonos
631 1347 781 1413 Helvotii
798 1354 1019 1434 pervenirent.

273 1457 333 1527 12.
368 1455 511 1521 Flomen
535 1464 588 1521 est
612 1458 709 1532 Arar,
728 1456 820 1542 quod
843 1480 902 1543 per
925 1457 1013 1523 finos
1038 1459 1236 1523 Aeduorum
1261 1467 1298 1524 et
1324 1459 1382 1525 So

225 1571 409 1651 quanorum
433 1565 468 1626 in
498 1565 700 1630 Rhodanum
722 1565 844 1644 influit,
877 1565 1064 1630 inorodibili
1087 1568 1235 1645 loniuile,
1260 1569 1312 1632 ita
1341 1578 1382 1633 ut

224 1705 422 1808 magma
450 1675 555 1739 oeulis
573 1675 609 1737 in
626 1682 736 1739 utram
753 1682 881 1759 partem
899 1673 985 1738 fluat
1000 1674 1140 1738 iudicari
1163 1683 1232 1739 non
1255 1677 1380 1762 possit„

224 1778 432 1906 ffimff
449 1783 490 1846 Id
510 1782 659 1847 Helvotii
675 1781 802 1847 ratibus
815 1789 852 1847 oe
865 1782 1022 1846 lintribus
1032 1784 1156 1847 iirnolis
1173 1785 1379 1850 tronsibanu

195 1899 428 1955 osmedtherear·
450 1891 519 1956 Ubi
547 1912 607 1975 per
632 1892 859 1975 exploroloros
887 1891 1009 1955 Caesar
1040 1891 1160 1955 certior
1183 1891 1296 1957 factus
1327 1909 1379 1958 est
1448 1969 1449 1974 γ

224 1955 386 2047 ‘liminii‘
451 2007 517 2065 tros
544 2001 611 2063 iam
638 2007 749 2084 partos
775 2000 944 2083 copiarum
972 1998 1147 2064 Helvolios
1179 2000 1215 2063 id
1246 1999 1381 2066 flumen

224 2106 422 2186 trodoxisse,
447 2115 599 2194 quomam
631 2107 701 2172 iero
734 2115 861 2192 partem
887 2109 970 2171 citro
993 2105 1119 2171 flirmen
1142 2108 1278 2172 Ararim
1302 2111 1381 2173 reli-

225 2238 324 2302 quam
341 2238 423 2294 esse,
441 2217 481 2281 de
508 2219 607 2282 tertio
632 2216 746 2302 vigilio
770 2238 848 2280 oum
871 2216 1060 2302 legionibus
1084 2215 1190 2280 tribus
1214 2224 1232 2281 o
1256 2225 1381 2282 castus

224 2326 404 2410 profectus,
437 2326 479 2392 ad
511 2350 584 2392 eam
617 2332 746 2410 parbem
777 2326 933 2409 pervonit
956 2346 1041 2409 quae
1073 2323 1223 2388 nondum
1246 2325 1380 2392 flumen

179 2450 212 2501 10
225 2437 408 2501 transierat.
458 2419 525 2500 Eos
541 2434 719 2519 impeditos
737 2441 772 2498 et
786 2435 997 2519 inopinantes
1017 2454 1193 2520 aggressus
1217 2441 1380 2520 mognam

224 2551 353 2627 parbem
369 2552 483 2608 eorum
499 2543 666 2620 oonoidit3
692 2543 813 2626 reliqui
836 2550 906 2606 soso
931 2540 1032 2628 fugae
1052 2541 1257 2606 mandarunt
1271 2551 1379 2630 atque

222 2653 258 2714 in
275 2653 439 2736 proximos
453 2654 554 2717 silvis
572 2651 781 2715 abdidorunt.
824 2632 858 2714 is
871 2657 976 2735 pagus
993 2650 1225 2734 appellobotur
1243 2651 1381 2738 Tiguri-

224 2781 307 2838 nus;
331 2782 409 2825 nam
432 2763 538 2826 omnis
563 2761 681 2840 civitas
707 2759 864 2823 Helvotia
887 2759 923 2820 in
953 2764 1114 2843 quattuor
1139 2765 1241 2844 pogos
1266 2759 1379 2826 divisa

223 2876 283 2933 est.
332 2869 397 2934 Hie
414 2877 519 2956 pogus
536 2876 634 2945 smus,
651 2871 729 2932 e'um
754 2866 852 2930 domo
878 2872 1003 2930 exisset
1024 2874 1159 2950 patrum
1182 2875 1375 2934 nostrorum

178 2991 210 3044 15
223 2980 389 3056 memorio,
408 2978 445 3044 L.
463 2979 616 3044 Cassium
634 2977 806 3041 consulem
822 2974 1036 3039 interfecerat
1051 2983 1086 3039 et
1100 2977 1173 3039 oius
1187 2978 1376 3042 exereitum

224 3088 288 3153 sub
303 3089 421 3174 iugum
437 3093 580 3152 miseras.
630 3085 684 3150 Ita
700 3090 770 3149 sive
788 3091 867 3148 caso
893 3089 963 3147 sive
989 3083 1127 3146 oonsilio
1152 3083 1295 3148 deorum
1319 3087 1378 3149 im-

223 3197 421 3272 mortalium,
441 3217 526 3281 quae
544 3216 621 3279 pars
644 3193 789 3258 civitotis
815 3192 991 3256 Helvotiae
1018 3197 1182 3276 insignem
1207 3193 1376 3258 calamito

222 3312 290 3370 tem
314 3306 438 3389 populo
464 3305 614 3368 Romano
638 3303 809 3376 intulerat,
828 3322 867 3364 ea
883 3305 1036 3382 princeps
1061 3305 1184 3382 poenos
1201 3303 1375 3384 persolvit.

224 3412 350 3492 Quom
365 3421 400 3477 ro
418 3413 540 3478 Caesar
556 3419 623 3474 non
640 3411 749 3474 solum
767 3408 915 3493 publicos
933 3406 1109 3470 sedetiam
1128 3413 1275 3491 privotos
1292 3411 1375 3474 iniri-

175 3531 209 3585 20
222 3522 286 3585 rios
303 3522 395 3585 ultus
412 3528 473 3596 est,
493 3519 583 3606 quod
600 3517 672 3582 oiu's
690 3523 795 3582 soceri
811 3515 849 3579 L.
869 3515 1001 3580 Pisonis
1026 3537 1138 3592 avum,
1157 3515 1195 3580 L.
1215 3517 1374 3584 Pisonem

220 3629 378 3714 logotum
397 3630 550 3715 Tigurini
566 3626 683 3691 eodem
699 3625 824 3709 proelio
841 3631 908 3709 quo
926 3623 1083 3688 Cassium
1099 3624 1351 3694 interfecerant.
1443 3687 1444 3707 ,

271 3740 331 3806 13.
367 3737 439 3802 Hoo
464 3736 587 3821 proelio
620 3734 718 3809 laeto,
743 3733 887 3817 reliquos
919 3733 1030 3815 oopios
1063 3732 1302 3799 Helvotiorum
1335 3742 1372 3801 ul

222 3852 381 3932 consequi
398 3851 518 3931 posset,
536 3851 673 3929 pontem
689 3842 725 3904 in
741 3841 847 3905 Amre
863 3838 1055 3904 faciendum
1080 3847 1176 3905 curat
1199 3850 1303 3929 atquo
1325 3845 1370 3909 ita
